% !TEX encoding   = UTF8
% !TEX spellcheck = ru_RU
% !TEX spellcheck = en_US

@book{Bryant:2005:ru,
  author       = {Брайант, Рэндал Э. and О'Халларон, Дэвид Р.},
  title        = {{Компьютерные системы: архитектура и программирование}},
  language     = {russian},
  origlanguage = {english},
  translator   = {Ежов{а}, Дмитри{я} and Шестаков{a}, Станислав{а}},
  location     = {СПб.},
  publisher    = {БХВ-Петербург},
  year         = {2005},
  pagetotal    = {1104},
  isbn         = {5-94157-433-9},
  langid       = {russian}
}


@book{Bryant:2011:en,
  author       = {Bryant, Randal E. and O'Hallaron, David R.},
  title        = {{Computer systems: a programmer's perspective}},
  language     = {english},
  edition      = {2},
  publisher    = {Prentice Hall},
  year         = {2011},
  pagetotal    = {1043},
  isbn         = {978-0-13-610804-7},
  langid       = {english}
}


@book{Bryant:2016:en,
  author       = {Bryant, Randal E. and O'Hallaron, David R.},
  title        = {{Computer systems: a programmer's perspective}},
  language     = {english},
  edition      = {3},
  publisher    = {Pearson},
  year         = {2016},
  pagetotal    = {1122},
  isbn         = {978-1-292-10176-7},
  langid       = {english}
}


@book{Bryant:2022:ru,
	author       = {Брайант, Рэндал Э. and О'Халларон, Дэвид Р.},
	title        = {{Компьютерные системы: архитектура и программирование}},
	edition      = {3},
	language     = {russian},
	origlanguage = {english},
	translator   = {А.Н. Киселев{а}},
	location     = {М.},
	publisher    = {ДМК Пресс},
	year         = {2022},
	pagetotal    = {994},
	isbn         = {978-5-97060-492-2},
	langid       = {russian}
}


@manual{Chacon:2020:ru,
  author       = {Chacon, Scott and Straub, Ben},
  title        = {Pro Git},
  version      = {2.1.71},
  language     = {russian},
  origlanguage = {english},
  publisher    = {Apress},
  year         = {2020},
  pagetotal    = {543}
}


@book{Cormen:2013:ru,
  author       = {Кормен, Томас Х. and Лейзерсон, Чарльз and Ривест, Рональд and Штайн, Клиффорд},
  title        = {{Алгоритмы: построение и анализ}},
  language     = {russian},
  origlanguage = {english},
  translator   = {Красиков{а}, И.В.},
  edition      = {3-e изд.},
  location     = {М.},
  publisher    = {ООО <<И.Д. Вильямс>>},
  year         = {2013},
  pagetotal    = {1328},
  isbn         = {978-5-8459-1794-2},
  langid       = {russian}
}


@book{Gamma:2004:ru,
  author       = {Гамма, Э. and Хелм Р. and Джонсон Р. and Влиссидес, Дж.},
  title        = {{Приёмы объектно-ориентированного проектирования. Паттерны проектирования}},
  language     = {russian},
  origlanguage = {english},
  location     = {Спб.},
  publisher    = {Питер},
  year         = {2004},
  pagetotal    = {366},
  langid       = {russian}
}


@book{Harris:2015:ru,
  author       = {Хэррис, Дэвид М. and Хэррис, Сара Л.},
  title        = {{Цифровая схемотехника и архитектура компьютера}},
  language     = {russian},
  origlanguage = {english},
  publisher    = {Morgan Kaufman},
  year         = {2015},
  pagetotal    = {1627},
  langid       = {russian}
}


@book{Intel-v1:2014:en,
  maintitle    = {{Intel® 64 and IA-32 Architectures
Software Developer’s Manual}},
  title        = {{Basic Architecture}},
  volume       = {1},
  volumes      = {7},
  language     = {english},
  year         = {2014},
  langid       = {english}
}

@book{Intel-v2:2014:en,
  maintitle    = {{Intel® 64 and IA-32 Architectures
Software Developer’s Manual}},
  title        = {{Instruction Set Reference A-M}},
  volume       = {2},
  volumes      = {7},
  language     = {english},
  year         = {2014},
  langid       = {english}
}

@book{Intel-v3:2014:en,
  maintitle    = {{Intel® 64 and IA-32 Architectures
Software Developer’s Manual}},
  title        = {{Instruction Set Reference N-Z}},
  volume       = {3},
  volumes      = {7},
  language     = {english},
  year         = {2014},
  langid       = {english}
}


@book{Josuttis:2014:ru,
  author       = {Джосаттис, Николай М.},
  title        = {Стандартная библиотека C++: справочное руководство},
  edition      = {2},
  language     = {russian},
  origlanguage = {english},
  location     = {М.},
  publisher    = {ООО <<И.Д. Вильямс>>},
  year         = {2014},
  pagetotal    = {1136},
  isbn         = {978-5-8459-1837-6},
  langid       = {russian}
}


@book{Kernighan:1992:ru,
  author       = {Керниган, Брайан У. and Пайк, Роб},
  title        = {{UNIX~--- универсальная среда программирования}},
  language     = {russian},
  origlanguage = {english},
  translator   = {Берёзко, А.М. and Иващенко, В.А.},
  location     = {М.},
  publisher    = {Финансы и статистика},
  year         = {1992},
  pagetotal    = {304},
  isbn         = {5-279-00253-4},
  langid       = {russian}
}


@book{Kernighan:2004:ru,
  author       = {Керниган, Брайан У. and Пайк, Роб},
  title        = {{Практика программирования}},
  series       = {Программирование для профессионалов},
  language     = {russian},
  origlanguage = {english},
  translator   = {Бродов{ого}, В.Л.},
  location     = {М.},
  publisher    = {Издательский дом <<Вильямс>>},
  year         = {2004},
  pagetotal    = {288},
  isbn         = {5-8459-0679-2},
  langid       = {russian}
}


@book{Koenig:2002:ru,
  author       = {Кёниг, Эндрю and Му, Барбара Э.},
  title        = {{Эффективное программирование на C++}},
  language     = {russian},
  origlanguage = {english},
  translator   = {Ручко, Н.М.},
  location     = {М.},
  publisher    = {Издательский дом <<Вильямс>>},
  series       = {Серия C++ In-Depth},
  year         = {2002},
  pagetotal    = {384},
  isbn         = {5-8459-0350-5},
  langid       = {russian}
}


@book{Meyers:2000:ru,
  author       = {Мейерс, Скотт},
  title        = {Наиболее эффективное использование C++. 35 новых рекомендаций по улучшению ваших программ и проектов},
  series       = {Для программистов},
  language     = {russian},
  origlanguage = {english},
  location     = {М.},
  publisher    = {ДМК Пресс},
  year         = {2000},
  pagetotal    = {304},
  isbn         = {5-94074-033-2},
  langid       = {russian}
}


@book{Meyers:2002:ru,
  author       = {Мейерс, Скотт},
  title        = {Эффективное использование STL},
  series       = {Библиотека программиста},
  language     = {russian},
  origlanguage = {english},
  location     = {СПб.},
  publisher    = {Питер},
  year         = {2002},
  pagetotal    = {224},
  isbn         = {5-94723-382-7},
  langid       = {russian}
}


@book{Meyers:2006:ru,
  author       = {Мэйерс, Скотт},
  title        = {Эффективное использование C++. 55 верных способов улучшить структуру и код ваших программ},
  series       = {Профессиональная серия от Addison--Wesley},
  edition      = {3},
  language     = {russian},
  origlanguage = {english},
  location     = {М.},
  publisher    = {ДМК Пресс},
  year         = {2006},
  pagetotal    = {300},
  isbn         = {5-94074-304-8},
  langid       = {russian}
}


@book{Meyers:2015:en,
  author       = {Meyers, Scott},
  title        = {Effective Modern C++. 42 specific ways to improve your use of C++11 and C++14},
  language     = {english},
  publisher    = {O'Reilly},
  year         = {2014},
  pagetotal    = {316},
  isbn         = {978-1-491-90399-5},
  langid       = {english}
}


@book{Meyers:2016:ru,
  author       = {Мейерс, Скотт},
  title        = {Эффективный и современный С++: 42 рекомендации по исполыованию C++11 и С++14},
  language     = {russian},
  origlanguage = {english},
  publisher    = {ООО <<И.Д. Вильямс>>},
  year         = {2016},
  pagetotal    = {304},
  isbn         = {978-5-8459-2000-3},
  langid       = {russian}
}


@book{Sutter:2008:ru,
  author       = {Саттер, Герб},
  title        = {{Решение сложных задач на C++}},
  language     = {russian},
  origlanguage = {english},
  translator   = {Красиков{а}, И.В.},
  location     = {М.},
  publisher    = {Издательский дом <<Вильямс>>},
  series       = {Серия C++ In-Depth},
  year         = {2008},
  pagetotal    = {400},
  isbn         = {978-5-8459-0352-5},
  langid       = {russian}
}


@book{Pacheco:2011:en,
  author       = {Pacheco, Peter S.},
  title        = {{An introduction to parallel programming}},
  language     = {english},
  publisher    = {Morgan Kaufmann Publishers},
  year         = {2011},
  pagetotal    = {370},
  isbn         = {978-0-12-374260-5},
  langid       = {english}
}


@book{Rossum:2001:ru,
  author       = {Россум, Г. and Дрейк, Ф. Л. Дж. and Откидач, Д. С.},
  title        = {{Язык программирования Python}},
  language     = {russian},
  origlanguage = {english},
  location     = {СПб.},
  publisher    = {Невский Диалект},
  year         = {2001},
  pagetotal    = {454},
  langid       = {russian}
}


@book{Stroustrup:2006:ru,
  author       = {Страуструп, Бьярне},
  title        = {Дизайн и эволюция C++},
  language     = {russian},
  origlanguage = {english},
  translator   = {Красиков{a}, И.В.},
  edition      = {2-e изд.},
  location     = {М.},
  publisher    = {ДМК Пресс},
  year         = {2006},
  pagetotal    = {448},
  isbn         = {5-469-01217-4},
  langid       = {russian}
}


@book{Stroustrup:2016:ru,
  author       = {Страуструп, Бьярне},
  title        = {{Программирование: принципы и практика c использованием C++}},
  language     = {russian},
  origlanguage = {english},
  translator   = {Красиков{a}, И.В.},
  edition      = {2-e изд.},
  location     = {М.},
  publisher    = {ООО <<И.Д. Вильямс>>},
  year         = {2016},
  pagetotal    = {1328},
  isbn         = {978-5-8459-1949-6},
  langid       = {russian}
}


@book{Stroustrup:2014:en,
  author       = {Stroustrup, Bjarne},
  title        = {{Programming: principles and practice using C++}},
  language     = {english},
  edition      = {2},
  publisher    = {Addison-Wesley},
  year         = {2014},
  pagetotal    = {1312},
  isbn         = {978-0-321-99278-9},
  langid       = {english}
}


@book{Stroustrup:2013:en,
  author       = {Stroustrup, Bjarne},
  title        = {{The C++ programming language}},
  language     = {english},
  edition      = {4},
  publisher    = {Addison-Wesley},
  year         = {2013},
  pagetotal    = {1366},
  isbn         = {978-0-321-56384-2},
  langid       = {english}
}


@book{Tanenbaum:2007:ru,
  author       = {Таненбаум, Эндрю},
  title        = {{Архитектура компьютера}},
  language     = {russian},
  origlanguage = {english},
  edition      = {5},
  location     = {СПб.},
  publisher    = {Питер},
  year         = {2007},
  pagetotal    = {844},
  isbn         = {5-469-01274-3},
  langid       = {russian}
}


@book{Tanenbaum:2013:ru,
  author       = {Таненбаум, Эндрю and Остин, Тодд},
  title        = {{Архитектура компьютера}},
  language     = {russian},
  origlanguage = {english},
  edition      = {6},
  location     = {СПб.},
  publisher    = {Питер},
  year         = {2013},
  pagetotal    = {816},
  isbn         = {978-5-496-00337-7},
  langid       = {russian}
}




@book{Vorozhcov:2008:ru,
  author       = {Винокуров, Н. А. and Ворожцов, Артём В.},
  title        = {{Практика и теория программирования}},
  series       = {Информатика},
  volumes      = {2},
  language     = {russian},
  location     = {М.},
  publisher    = {Физматкнига},
  year         = {2008},
  langid       = {russian}
}


@book{Zubkov:2000:ru,
  author       = {Зубков, Сергей Владимирович},
  title        = {{Assembler для DOS, Windows и UNIX}},
  series       = {Для программистов},
  language     = {russian},
  location     = {М.},
  publisher    = {ДМК Пресс},
  year         = {2000},
  pagetotal    = {608},
  isbn         = {5-94074-003-0},
  langid       = {russian}
}


@online{WikiBookAsm:ru,
  title        = {{Ассемблер в Linux для программистов C}},
  language     = {russian},
  url          = {https://ru.wikibooks.org/wiki/Ассемблер_в_Linux_для_программистов_C},
  langid       = {russian}
}



@online{Eratosthen:wiki,
  title    = {Алгоритм <<решето Эратосфена>>},
  language = {russian},
  url      = {https://ru.wikipedia.org/wiki/Решето_Эратосфена},
  langid   = {russian}
}



@online{Eigen:lib,
  title    = {{Eigen is a C++ template library for linear algebra: matrices, vectors, numerical solvers, and related algorithms}},
  language = {english},
  url      = {http://eigen.tuxfamily.org},
  langid   = {english}
}

@online{JSON,
  title    = {{JSON (JavaScript Object Notation) is a lightweight data-interchange format}},
  language = {english},
  url      = {http://www.json.org},
  langid   = {english}
}

@online{JSON:lib,
  title    = {{JSON for Modern C++}},
  language = {english},
  url      = {https://nlohmann.github.io/json},
  langid   = {english}
}

@online{SymPy,
  title    = {{SymPy is a Python library for symbolic mathematics}},
  language = {english},
  url      = {http://www.sympy.org},
  langid   = {english}
}
